<record><leader>00000cas a22000007a 4500</leader><controlfield tag="001">11045739</controlfield><controlfield tag="008">840811d18821885ohudr ne      0    0eng d</controlfield><controlfield tag="009">3783</controlfield><datafield ind1=" " ind2=" " tag="010"><subfield code="a">sn 84028462 </subfield></datafield><datafield ind1=" " ind2=" " tag="040"><subfield code="a">NPY</subfield><subfield code="b">eng</subfield><subfield code="c">NPY</subfield><subfield code="d">DLC</subfield><subfield code="d">NPU</subfield><subfield code="d">ONP</subfield><subfield code="d">OCLCQ</subfield></datafield><datafield ind1=" " ind2=" " tag="042"><subfield code="a">msc</subfield></datafield><datafield ind1="0" ind2=" " tag="130"><subfield code="a">Youngstown news-register (Youngstown, Ohio : 1882)</subfield></datafield><datafield ind1="1" ind2="0" tag="245"><subfield code="a">Youngstown news-register.</subfield></datafield><datafield ind1=" " ind2=" " tag="260"><subfield code="a">Youngstown, Ohio :</subfield><subfield code="b">Youngstown Pub. Co.,</subfield><subfield code="c">1882-</subfield></datafield><datafield ind1=" " ind2=" " tag="300"><subfield code="a">v.</subfield></datafield><datafield ind1=" " ind2=" " tag="310"><subfield code="a">Daily</subfield></datafield><datafield ind1="0" ind2=" " tag="362"><subfield code="a">Vol. 5, no. 160 (Jan. 21, 1882)-</subfield></datafield><datafield ind1="1" ind2=" " tag="362"><subfield code="a">Ceased with Nov. 30, 1885 issue.</subfield></datafield><datafield ind1=" " ind2=" " tag="500"><subfield code="a">"Republican." Cf. Gutgesell, S. Guide to Ohio newspapers, 1974.</subfield></datafield><datafield ind1=" " ind2=" " tag="580"><subfield code="a">Also published in a weekly ed. called: Weekly news-register.</subfield></datafield><datafield ind1=" " ind2=" " tag="752"><subfield code="a">United States</subfield><subfield code="b">Ohio</subfield><subfield code="c">Mahoning</subfield><subfield code="d">Youngstown.</subfield></datafield><datafield ind1="1" ind2=" " tag="775"><subfield code="t">Weekly news-register</subfield><subfield code="w">(DLC)sn 86071080</subfield></datafield><datafield ind1="0" ind2="4" tag="780"><subfield code="t">Youngstown daily register</subfield><subfield code="w">(DLC)sn 84028459</subfield></datafield><datafield ind1="0" ind2="4" tag="780"><subfield code="t">Youngstown evening news</subfield><subfield code="w">(DLC)sn 84028461</subfield></datafield><datafield ind1="0" ind2="0" tag="785"><subfield code="t">Youngstown evening telegram</subfield><subfield code="w">(DLC)sn 84028463</subfield></datafield></record>